@misc{GoogleAE,
    author  = "",
    title   = "Google App Engine",
    note    = "\url{http://code.google.com/appengine/}, stav z 17.\,11.\,2010"
}

@misc{GoogleImages,
    author  = "",
    title   = "Google Images",
    note    = "\url{http://images.google.com/}, stav z 17.\,11.\,2010"
}

@misc{flickr,
    author  = "",
    title   = "Flickr",
    note    = "\url{flickr.com}, stav z 17.\,11.\,2010"
}

@Article{Mueller2k9,
author = {Matt Mueller},
title = {Piximilar: Image by Color},
year = {2009},
note = "\url{http://mattmueller.me/Piximilar/paper.pdf}, stav z 21.\,11.\,2010"
}

